@article{doukari2023bim,
  title={A BIM-based Techno-Economic Framework and Tool for Evaluating and Comparing Building Renovation Strategies.},
  author={Doukari, Omar and Scoditti, Enrico and Kassem, Mohamad and Greenwood, David},
  journal={Journal of Information Technology in Construction},
  volume={28},
  year={2023}
}
@article{guo2017ontology,
  title={Ontology for design of active fall protection systems},
  author={Guo, Brian HW and Goh, Yang Miang},
  journal={Automation in Construction},
  volume={82},
  pages={138--153},
  year={2017},
  publisher={Elsevier}
}
@article{xing2019ontology,
  title={Ontology for safety risk identification in metro construction},
  author={Xing, Xuejiao and Zhong, Botao and Luo, Hanbin and Li, Heng and Wu, Haitao},
  journal={Computers in Industry},
  volume={109},
  pages={14--30},
  year={2019},
  publisher={Elsevier}
}
@article{ding2013development,
  title={Development of web-based system for safety risk early warning in urban metro construction},
  author={Ding, LY and Zhou, Cheng},
  journal={Automation in Construction},
  volume={34},
  pages={45--55},
  year={2013},
  publisher={Elsevier}
}

@article{lee2023ontological,
  title={Ontological inference process using AI-based object recognition for hazard awareness in construction sites},
  author={Lee, Seul-Ki and Yu, Jung-Ho},
  journal={Automation in Construction},
  volume={153},
  pages={104961},
  year={2023},
  publisher={Elsevier}
}
@article{fang2020knowledge,
  title={Knowledge graph for identifying hazards on construction sites: Integrating computer vision with ontology},
  author={Fang, Weili and Ma, Ling and Love, Peter ED and Luo, Hanbin and Ding, Lieyun and Zhou, AO},
  journal={Automation in Construction},
  volume={119},
  pages={103310},
  year={2020},
  publisher={Elsevier}
}
@article{dewlaney2012prevention,
  title={Prevention through design and construction safety management strategies for high performance sustainable building construction},
  author={Dewlaney, Katie Shawn and Hallowell, Matthew},
  journal={Construction Management and Economics},
  volume={30},
  number={2},
  pages={165--177},
  year={2012},
  publisher={Taylor \& Francis}
}
@article{wang2015applying,
  title={Applying building information modeling to support fire safety management},
  author={Wang, Shih-Hsu and Wang, Wei-Chih and Wang, Kun-Chi and Shih, Shih-Yu},
  journal={Automation in construction},
  volume={59},
  pages={158--167},
  year={2015},
  publisher={Elsevier}
}
@article{doukari2022ontology,
  title={Ontology-Based Hazard Knowledge Representation and Identification for Deep Refurbishment Projects},
  author={Doukari, Omar and Wakefield, James and Martinez Rodriguez, Pablo and Kassem, Mohamad},
  journal={Transforming Construction with Reality Capture Technologies},
  volume={2022},
  year={2022},
  publisher={Canadian Society for Civil Engineering}
}
@article{jensen2015value,
  title={Value based building renovation--A tool for decision-making and evaluation},
  author={Jensen, Per Anker and Maslesa, Esmir},
  journal={Building and environment},
  volume={92},
  pages={1--9},
  year={2015},
  publisher={Elsevier}
}
@article{hartmann2020advanced,
  title={Advanced Engineering Informatics-Philosophical and methodological foundations with examples from civil and construction engineering},
  author={Hartmann, Timo and Trappey, Amy},
  journal={Developments in the built environment},
  volume={4},
  pages={100020},
  year={2020},
  publisher={Elsevier}
}
@inproceedings{rodger2019integration,
  title={The integration of retrofit practice within social housing},
  author={Rodger, Dayna and Callaghan, Nicola and Thomson, Craig},
  booktitle={35th Annual Conference on Association of Researchers in Construction Management},
  pages={832--841},
  year={2019},
  organization={ARCOM}
}
@techreport{arena2016construction,
  title={Construction Guidelines for High R-Value Walls without Exterior Rigid Insulation},
  author={Arena, Lois B},
  year={2016},
  institution={Steven Winter Associates, Inc., Norwalk, CT (United States). Consortium for~…}
}
@article{xu2023comparative,
  title={Comparative study of Chinese, European and ISO external thermal insulation composite system (ETICS) standards and technical recommendations},
  author={Xu, Hongtao and Wang, Hao and Huo, Qiannan and Qin, Yue and Zhou, Hui},
  journal={Journal of Building Engineering},
  volume={68},
  pages={105687},
  year={2023},
  publisher={Elsevier}
}
@inproceedings{buser2019interactive,
  title={Interactive Shaping of Expertise: The play between house-owner and SME Contractors Negotiating Renovation},
  author={Buser, Martine and Carlsson, Veronica and Koch, Christian},
  booktitle={THIRTY-FIFTH ANNUAL CONFERENCE},
  pages={104},
  year={2019}
}
@article{shin2014system,
  title={A system dynamics approach for modeling construction workers’ safety attitudes and behaviors},
  author={Shin, Mingyu and Lee, Hyun-Soo and Park, Moonseo and Moon, Myunggi and Han, Sangwon},
  journal={Accident Analysis \& Prevention},
  volume={68},
  pages={95--105},
  year={2014},
  publisher={Elsevier}
}
@article{salvalai2017deep,
  title={Deep renovation of multi-storey multi-owner existing residential buildings: A pilot case study in Italy},
  author={Salvalai, Graziano and Sesana, Marta Maria and Iannaccone, Giuliana},
  journal={Energy and Buildings},
  volume={148},
  pages={23--36},
  year={2017},
  publisher={Elsevier}
}
@article{xu2022ontology,
  title={An ontology-based holistic and probabilistic framework for seismic risk assessment of buildings},
  author={Xu, Minze and Zhang, Peng and Cui, Chunyi and Zhao, Jingtong},
  journal={Buildings},
  volume={12},
  number={9},
  pages={1391},
  year={2022},
  publisher={MDPI}
}
@article{singh2014investigation,
  title={Investigation of contemporary performance measurement systems for production management of renovation projects},
  author={Singh, Yash and Abdelhamid, Tariq and Mrozowski, Tim and El-Gafy, Mohamed A},
  journal={Journal of Construction Engineering},
  volume={2014},
  number={1},
  pages={417853},
  year={2014},
  publisher={Wiley Online Library}
}
@article{torkanfar2020quantitative,
  title={Quantitative similarity assessment of construction projects using WBS-based metrics},
  author={Torkanfar, Navid and Azar, Ehsan Rezazadeh},
  journal={Advanced Engineering Informatics},
  volume={46},
  pages={101179},
  year={2020},
  publisher={Elsevier}
}
@article{shnapp2013deep,
  title={What is a deep renovation definition},
  author={Shnapp, Sophie and Sitja, Rosa and Laustsen, Jens},
  journal={Global Buildings Performance Network (GBPN): Paris, France},
  year={2013}
}
@article{xiong2019onsite,
  title={Onsite video mining for construction hazards identification with visual relationships},
  author={Xiong, Ruoxin and Song, Yuanbin and Li, Heng and Wang, Yuxuan},
  journal={Advanced Engineering Informatics},
  volume={42},
  pages={100966},
  year={2019},
  publisher={Elsevier}
}

@article{zhang2022automatic,
  title={Automatic construction site hazard identification integrating construction scene graphs with BERT based domain knowledge},
  author={Zhang, Lite and Wang, Junjie and Wang, Yanbo and Sun, Hai and Zhao, Xuebing},
  journal={Automation in construction},
  volume={142},
  pages={104535},
  year={2022},
  publisher={Elsevier}
}
@article{zhou2021semantic,
  title={Semantic information alignment of BIMs to computer-interpretable regulations using ontologies and deep learning},
  author={Zhou, Peng and El-Gohary, Nora},
  journal={Advanced Engineering Informatics},
  volume={48},
  pages={101239},
  year={2021},
  publisher={Elsevier}
}
@article{zhong2020ontology,
  title={Ontology-based semantic modeling of knowledge in construction: Classification and identification of hazards implied in images},
  author={Zhong, Botao and Li, Heng and Luo, Hanbin and Zhou, Jingyang and Fang, Weili and Xing, Xuejiao},
  journal={Journal of construction engineering and management},
  volume={146},
  number={4},
  pages={04020013},
  year={2020},
  publisher={American Society of Civil Engineers}
}
@article{zhang2017integrating,
  title={Integrating semantic NLP and logic reasoning into a unified system for fully-automated code checking},
  author={Zhang, Jiansong and El-Gohary, Nora M},
  journal={Automation in construction},
  volume={73},
  pages={45--57},
  year={2017},
  publisher={Elsevier}
}
@article{gao2022knowledge,
  title={Knowledge management in construction health and safety based on ontology modeling},
  author={Gao, Shang and Ren, Guoqian and Li, Haijiang},
  journal={Applied Sciences},
  volume={12},
  number={17},
  pages={8574},
  year={2022},
  publisher={MDPI}
}
@article{zhang2014engineering,
  title={Engineering research with application of system dynamics model of risk identification in railway construction project},
  author={Zhang, Ling and Zhong, Yan},
  journal={Advanced Materials Research},
  volume={977},
  pages={536--540},
  year={2014},
  publisher={Trans Tech Publ}
}
@article{qi2023bim,
  title={BIM and ontology-based DfMA framework for prefabricated component},
  author={Qi, Bing and Costin, Aaron},
  journal={Buildings},
  volume={13},
  number={2},
  pages={394},
  year={2023},
  publisher={MDPI}
}
@article{ding2016construction,
  title={Construction risk knowledge management in BIM using ontology and semantic web technology},
  author={Ding, LY and Zhong, BT and Wu, Song and Luo, HB},
  journal={Safety science},
  volume={87},
  pages={202--213},
  year={2016},
  publisher={Elsevier}
}
@article{eldeep2022using,
  title={Using BIM as a lean management tool in construction processes--A case study},
  author={Eldeep, Ahmed M and Farag, Moataz AM and Abd El-hafez, LM},
  journal={Ain Shams Engineering Journal},
  volume={13},
  number={2},
  pages={101556},
  year={2022},
  publisher={Elsevier}
}
@incollection{zhang2014ontology,
  title={Ontology-based semantic modeling of safety management knowledge},
  author={Zhang, Sijie and Boukamp, Frank and Teizer, Jochen},
  booktitle={Computing in Civil and Building Engineering (2014)},
  pages={2254--2262},
  year={2014}
}
@article{shen2022bim,
  title={BIM-based dynamic construction safety rule checking using ontology and natural language processing},
  author={Shen, Qiyu and Wu, Songfei and Deng, Yichuan and Deng, Hui and Cheng, Jack CP},
  journal={Buildings},
  volume={12},
  number={5},
  pages={564},
  year={2022},
  publisher={MDPI}
}
@article{shen2022safety,
  title={Safety risk management of prefabricated building construction based on ontology technology in the BIM environment},
  author={Shen, Ye and Xu, Min and Lin, Yini and Cui, Caiyun and Shi, Xiaobo and Liu, Yong},
  journal={Buildings},
  volume={12},
  number={6},
  pages={765},
  year={2022},
  publisher={MDPI}
}
@article{estudillo2024role,
  title={The role of organizational factors in promoting workers' health in the construction sector: a comprehensive analysis},
  author={Estudillo, Barbara and Forteza, Francisco J and Carretero-G{\'o}mez, Jose M and Rej{\'o}n-Guardia, Francisco},
  journal={Journal of safety research},
  volume={88},
  pages={41--55},
  year={2024},
  publisher={Elsevier}
}
@article{kim2016integrating,
  title={Integrating work sequences and temporary structures into safety planning: Automated scaffolding-related safety hazard identification and prevention in BIM},
  author={Kim, Kyungki and Cho, Yong and Zhang, Sijie},
  journal={Automation in Construction},
  volume={70},
  pages={128--142},
  year={2016},
  publisher={Elsevier}
}
@article{wang2011ontology,
  title={Ontology-based representation and reasoning framework for supporting job hazard analysis},
  author={Wang, Han-Hsiang and Boukamp, Frank},
  journal={Journal of computing in Civil Engineering},
  volume={25},
  number={6},
  pages={442--456},
  year={2011},
  publisher={American Society of Civil Engineers}
}
@article{zhong2015ontological,
  title={An ontological approach for technical plan definition and verification in construction},
  author={Zhong, BT and Ding, LY and Love, Peter ED and Luo, HB},
  journal={Automation in Construction},
  volume={55},
  pages={47--57},
  year={2015},
  publisher={Elsevier}
}
@article{donini1996reasoning,
  title={Reasoning in description logics},
  author={Donini, Francesco M and Lenzerini, Maurizio and Nardi, Daniele and Schaerf, Andrea and others},
  journal={Principles of knowledge representation},
  volume={1},
  pages={191--236},
  year={1996}
}
@article{zhang2015ontology,
  title={Ontology-based semantic modeling of construction safety knowledge: Towards automated safety planning for job hazard analysis (JHA)},
  author={Zhang, Sijie and Boukamp, Frank and Teizer, Jochen},
  journal={Automation in Construction},
  volume={52},
  pages={29--41},
  year={2015},
  publisher={Elsevier}
}
@article{gruber1995toward,
  title={Toward principles for the design of ontologies used for knowledge sharing?},
  author={Gruber, Thomas R},
  journal={International journal of human-computer studies},
  volume={43},
  number={5-6},
  pages={907--928},
  year={1995},
  publisher={Elsevier}
}
@article{mohan2011constructing,
  title={Constructing railway ontology using web ontology language and semantic web rule language},
  author={Mohan, A and Arumugam, G},
  journal={Int. J. Comp. Tech. Appl},
  volume={2},
  number={2},
  pages={314--321},
  year={2011},
  publisher={Citeseer}
}
@book{britain2001health,
  title={Health and safety statistics 2000/01},
  author={Britain, Great and Health and Safety Commission and others},
  year={2001},
  publisher={HSE Books}
}
@article{zhou2023bim,
title={BIM and ontology-based knowledge management for dam safety monitoring},
author={Zhou, Yuhang and Bao, Tengfei and Shu, Xiaosong and Li, Yueyang and Li, Yangtao},
journal={Automation in Construction},
volume={145},
pages={104649},
year={2023},
publisher={Elsevier}
}
@article{daneshfar2022ontology,
  title={An ontology to represent geospatial data to support building renovation},
  author={Daneshfar, Maryam and Hartmann, Timo and Rabe, Jochen},
  journal={Advanced Engineering Informatics},
  volume={52},
  pages={101591},
  year={2022},
  publisher={Elsevier}
}

@inproceedings{kim2020application,
  title={Application of natural language processing (NLP) and text-mining of big-data to engineering-procurement-construction (EPC) bid and contract documents},
  author={Kim, Youyi and Lee, Junghyun and Lee, Eul-Bum and Lee, Ju-Hoon},
  booktitle={2020 6th conference on data science and machine learning applications (CDMA)},
  pages={123--128},
  year={2020},
  organization={IEEE}
}
@article{hassan2021addressing,
  title={Addressing legal and contractual matters in construction using natural language processing: A critical review},
  author={Hassan, Fahad ul and Le, Tuyen and Lv, Xuan},
  journal={Journal of Construction Engineering and Management},
  volume={147},
  number={9},
  pages={03121004},
  year={2021},
  publisher={American Society of Civil Engineers}
}
@article{lee2019development,
  title={Development of automatic-extraction model of poisonous clauses in international construction contracts using rule-based NLP},
  author={Lee, Jeehee and Yi, June-Seong and Son, JeongWook},
  journal={Journal of Computing in Civil Engineering},
  volume={33},
  number={3},
  pages={04019003},
  year={2019},
  publisher={American Society of Civil Engineers}
}
@article{amorocho2021reno,
  title={Reno-Inst: An ontology to support renovation projects planning and renovation products installation},
  author={Amorocho, Jerson Alexis Pinzon and Hartmann, Timo},
  journal={Advanced Engineering Informatics},
  volume={50},
  pages={101415},
  year={2021},
  publisher={Elsevier}
}
@incollection{zhang2021semantic,
  title={Semantic representation learning and information integration of BIM and regulations},
  author={Zhang, Ruichuan and El-Gohary, Nora},
  booktitle={Computing in Civil Engineering 2021},
  pages={466--473},
  year={2021}
}
@article{european2020renovation,
  title={A renovation wave for Europe—greening our buildings, creating jobs, improving lives},
  author={European Commission},
  journal={Communication from the European Commission to the European Parliament, the Council, the European Economic and Social Committee and the Committee of the Regions},
  year={2020},
  publisher={European Commission Brussels, Belgium}
}
@article{doukari2024ontology,
  title={An ontology-based tool for safety management in building renovation projects},
  author={Doukari, Omar and Wakefield, James and Martinez, Pablo and Kassem, Mohamad},
  journal={Journal of Building Engineering},
  volume={84},
  pages={108609},
  year={2024},
  publisher={Elsevier}
}